@book{wolsey,
author = {Wolsey, Laurence A.},
title = {Integer Programming: 2nd Edition},
booktitle = {Integer Programming},
isbn = {9781119606475},
chapter = {9},
publisher = {J. Wiley},
doi = {https://doi.org/10.1002/9781119606475.oth1},
url = {https://onlinelibrary.wiley.com/doi/abs/10.1002/9781119606475.oth1},
eprint = {https://onlinelibrary.wiley.com/doi/pdf/10.1002/9781119606475.oth1},
year = {2020}
}

